@inproceedings{Ashikhmin2001,
 author = {Ashikhmin, Michael},
 title = {Synthesizing Natural Textures},
 booktitle = {Proceedings of the 2001 Symposium on Interactive 3D Graphics},
 series = {I3D '01},
 year = {2001},
 isbn = {1-58113-292-1},
 pages = {217--226},
 numpages = {10},
 url = {http://doi.acm.org/10.1145/364338.364405},
 doi = {10.1145/364338.364405},
 acmid = {364405},
 publisher = {ACM},
 address = {New York, NY, USA},
 keywords = {texture synthesys, user interaction},
} 

@article{Donner2008,
 author = {Donner, Craig and Weyrich, Tim and d'Eon, Eugene and Ramamoorthi, Ravi and Rusinkiewicz, Szymon},
 title = {A Layered, Heterogeneous Reflectance Model for Acquiring and Rendering Human Skin},
 journal = {ACM Trans. Graph.},
 issue_date = {December 2008},
 volume = {27},
 number = {5},
 month = dec,
 year = {2008},
 issn = {0730-0301},
 pages = {140:1--140:12},
 articleno = {140},
 numpages = {12},
 url = {http://doi.acm.org/10.1145/1409060.1409093},
 doi = {10.1145/1409060.1409093},
 acmid = {1409093},
 publisher = {ACM},
 address = {New York, NY, USA},
 keywords = {BSSRDF, layered materials, light transport, reflection models, skin reflectance, subsurface scattering},
} 

ï»¿@article {Graham2013,
author = {Graham, Paul and Tunwattanapong, Borom and Busch, Jay and Yu, Xueming and Jones, Andrew and Debevec, Paul and Ghosh, Abhijeet},
title = {Measurement-Based Synthesis of Facial Microgeometry},
journal = {Computer Graphics Forum},
volume = {32},
number = {2pt3},
publisher = {Blackwell Publishing Ltd},
issn = {1467-8659},
url = {http://dx.doi.org/10.1111/cgf.12053},
doi = {10.1111/cgf.12053},
pages = {335--344},
keywords = {I.3.7 [COMPUTER GRAPHICS]: Three-Dimensional Graphics and Realism},
year = {2013},
}

@inproceedings{Hertzmann2001,
 author = {Hertzmann, Aaron and Jacobs, Charles E. and Oliver, Nuria and Curless, Brian and Salesin, David H.},
 title = {Image Analogies},
 booktitle = {Proceedings of the 28th Annual Conference on Computer Graphics and Interactive Techniques},
 series = {SIGGRAPH '01},
 year = {2001},
 isbn = {1-58113-374-X},
 pages = {327--340},
 numpages = {14},
 url = {http://doi.acm.org/10.1145/383259.383295},
 doi = {10.1145/383259.383295},
 acmid = {383295},
 publisher = {ACM},
 address = {New York, NY, USA},
 keywords = {Markov random fields, autoregression, example-based rendering, non-photorealistic rendering, texture synthesis, texture transfer, texture-by-numbers},
} 

@inproceedings{Jimenez2010,
 author = {Jimenez, Jorge and Scully, Timothy and Barbosa, Nuno and Donner, Craig and Alvarez, Xenxo and Vieira, Teresa and Matts, Paul and Orvalho, Ver\'{o}nica and Gutierrez, Diego and Weyrich, Tim},
 title = {A Practical Appearance Model for Dynamic Facial Color},
 booktitle = {ACM SIGGRAPH Asia 2010 Papers},
 series = {SIGGRAPH ASIA '10},
 year = {2010},
 isbn = {978-1-4503-0439-9},
 location = {Seoul, South Korea},
 pages = {141:1--141:10},
 articleno = {141},
 numpages = {10},
 url = {http://doi.acm.org/10.1145/1866158.1866167},
 doi = {10.1145/1866158.1866167},
 acmid = {1866167},
 publisher = {ACM},
 address = {New York, NY, USA},
} 

@article{ Tian2011,
year={2011},
issn={1863-1703},
journal={Signal, Image and Video Processing},
volume={5},
number={3},
doi={10.1007/s11760-010-0204-6},
title={A survey on super-resolution imaging},
url={http://dx.doi.org/10.1007/s11760-010-0204-6},
publisher={Springer-Verlag},
keywords={Super-resolution imaging; Regularization; Resolution enhancement},
author={Tian, Jing and Ma, Kai-Kuang},
pages={329-342},
}

@inproceedings{Weyrich2006,
 author = {Weyrich, Tim and Matusik, Wojciech and Pfister, Hanspeter and Bickel, Bernd and Donner, Craig and Tu, Chien and McAndless, Janet and Lee, Jinho and Ngan, Addy and Jensen, Henrik Wann and Gross, Markus},
 title = {Analysis of Human Faces Using a Measurement-based Skin Reflectance Model},
 booktitle = {ACM SIGGRAPH 2006 Papers},
 series = {SIGGRAPH '06},
 year = {2006},
 isbn = {1-59593-364-6},
 location = {Boston, Massachusetts},
 pages = {1013--1024},
 numpages = {12},
 url = {http://doi.acm.org/10.1145/1179352.1141987},
 doi = {10.1145/1179352.1141987},
 acmid = {1141987},
 publisher = {ACM},
 address = {New York, NY, USA},
 keywords = {data-driven models, face modeling, reflection models},
} 

@article{Jianchao2010,
author={Jianchao Yang and Wright, J. and Huang, T.S. and Yi Ma},
journal={Image Processing, IEEE Transactions on},
title={Image Super-Resolution Via Sparse Representation},
year={2010},
month={Nov},
volume={19},
number={11},
pages={2861-2873},
keywords={dictionaries;image reconstruction;image resolution;matrix decomposition;statistical analysis;compressed sensing;image patch dictionary;image statistics;nonnegative matrix factorization;single-image superresolution;sparse signal representation;super-resolution image reconstruction;Face hallucination;image super-resolution (SR);nonnegative matrix factorization;sparse coding;sparse representation},
doi={10.1109/TIP.2010.2050625},
ISSN={1057-7149},
}

@article{Iglesias2015, 
author = {Iglesias-Guitian, Jose A. and Aliaga, Carlos and Jarabo, Adrian and Gutierrez, Diego}, 
title = {A Biophysically-Based Model of the Optical Properties of Skin Aging}, 
journal = {Computer Graphics Forum (EUROGRAPHICS 2015)}, 
volume = {To Appear}, 
year = {2015}, } 

@book{ganovelli2014,
  title={Introduction to Computer Graphics: A Practical Learning Approach},
  author={Ganovelli, Fabio and Corsini, Massimiliano and Pattanaik, Sumanta and Di Benedetto, Marco},
  year={2014},
  publisher={CRC Press}
}

@misc{ImAnHertzmannWeb,
  title = {{Image Analogies: Hertzmann's code}},
  howpublished = {\url{http://www.mrl.nyu.edu/projects/image-analogies/}},
  note = {Accessed: 2015-05-19}
}

@misc{ImAnSingleThreadWeb,
  title = {{Image Analogies: C++ single threaded code}},
  howpublished = {\url{http://vis.berkeley.edu/courses/cs294-69-fa11/wiki/index.php/FP-JeffDonahue}},
  note = {Accessed: 2015-05-19}
}

@misc{ImAnCudaWeb,
  title = {{Image Analogies: CUDA code}},
  howpublished = {\url{https://sites.google.com/a/college.harvard.edu/yaoyu-imageanalogies/parallel}},
  note = {Accessed: 2015-05-19}
}

@misc{FaceWareWeb,
  title = {{Faceware Tech}},
  howpublished = {\url{http://facewaretech.com/}},
  note = {Accessed: 2015-05-19}
}
